@inproceedings{simard2003best,
  title={Best practices for convolutional neural networks applied to visual document analysis.},
  author={Simard, Patrice Y and Steinkraus, David and Platt, John C and others},
  booktitle={ICDAR},
  volume={3},
  pages={958--962},
  year={2003}
}

@unpublished{torchTutorial,
  title={Deep Learning with Torch: the 60-minute blitz},
  author={Collobert, Ronan, Kavukcuoglu, Koray, Farabet, Clement, Chintala, Soumith, Grewe, Dominik},
  year={2015},
  note={CVPR},
  URL={https://github.com/soumith/cvpr2015/blob/master/Deep%20Learning%20with%20Torch.ipynb}
}